
@article{gregor_positioning_2013,
	title = {Positioning and presenting design science research for maximum impact},
	volume = {37},
	number = {2},
	journal = {MIS quarterly},
	author = {Gregor, S. and Hevner, A.R.},
	year = {2013},
	pages = {337--355}
}

@inproceedings{astrom_visualizing_2002,
	title = {Visualizing {Library} and {Information} {Science} {Concept} {Spaces} through {Keyword} and {Citation} {Based} {Maps} and {Clusters}},
	booktitle = {Emerging {Frameworks} and {Methods}. {Proceedings} of the 4 {Th} {International} {Conference} on {Conceptions} of {Library} and {Information} {Science} ({CoLIS}4)},
	author = {Åström, F},
	year = {2002}
}

@article{bullinger_community-based_2010,
	title = {Community-{Based} {Innovation} {Contests}: {Where} {Competition} {Meets} {Cooperation}},
	volume = {19},
	number = {3},
	journal = {Creativity and Innovation Management},
	author = {Bullinger, A. and Neyer, Anne-Katrin and Rass, Matthias and Moeslein, Kathrin M.},
	year = {2010},
	pages = {290--303}
}

@inproceedings{faste_brainstorm_2013,
	title = {Brainstorm, {Chainstorm}, {Cheatstorm}, {Tweetstorm}},
	url = {https://doi.org/10.1145/2470654.2466177},
	booktitle = {Proceedings of the {SIGCHI} {Conference} on {Human} {Factors} in {Computing} {Systems} - {CHI} ’13},
	author = {Faste, Haakon and Rachmel, Nir and Essary, Russell and Sheehan, Evan},
	year = {2013}
}

@techreport{global_intellectual_property_center_u._s._chamber_of_commerce_prizes_2009,
	title = {Prizes and {Patent} {Pools} {Viable} {Alternatives} to the {Patent} {System}?},
	url = {http://www.theglobalipcenter.com/sites/default/files/reports/documents/Prizes__Patent_Pools.pdf},
	author = {{Global Intellectual Property Center, U. S. Chamber of Commerce}},
	year = {2009}
}

@article{moser_patents_2013,
	title = {Patents and {Innovation}: {Evidence} from {Economic} {History}},
	volume = {27},
	number = {1},
	journal = {The Journal of Economic Perspectives: A Journal of the American Economic Association},
	author = {Moser, Petra},
	year = {2013},
	pages = {23--44}
}

@article{nalebuff_prizes_1983,
	title = {Prizes and {Incentives}: {Towards} a {General} {Theory} of {Compensation} and {Competition}},
	volume = {14},
	number = {1},
	journal = {The Bell Journal of Economics},
	author = {Nalebuff, Barry J. and Stiglitz, Joseph},
	year = {1983},
	pages = {1:21}
}

@book{chesbrough_open_2006,
	address = {Oxford},
	title = {Open {Innovation}: {Researching} a {New} {Paradigm}},
	url = {https://doi.org/10.1111/j.1467-8691.2008.00502.x},
	publisher = {New York: Oxford Univ. Press.},
	author = {Chesbrough, Henry and Vanhaverbeke, Wim and West, J},
	year = {2006}
}

@article{halaburda_blockchain_2018,
	title = {Blockchain {Revolution} without the {Blockchain}?},
	volume = {61},
	number = {7},
	journal = {Communication of the ACM,},
	author = {Halaburda, H.},
	year = {2018},
	pages = {27--29}
}

@techreport{nakamoto_bitcoin:_2008,
	title = {Bitcoin: {A} {Peer}-to-{Peer} {Electronic} {Cash} {System}},
	url = {https://doi.org/10.1007/s10838-008-9062-0},
	author = {Nakamoto, S},
	year = {2008}
}

@article{shrier_blockchain_2016,
	title = {Blockchain \& infrastructure (identity,data security)},
	volume = {May},
	number = {3},
	journal = {MIT Connection Science \& Engineering,},
	author = {Shrier, D. and Wu, W. and Pentland, A.},
	year = {2016},
	pages = {1--19}
}

@article{swan_blockchain_2015,
	title = {Blockchain {Thinking} : {The} {Brain} as a {Decentralized} {Autonomous} {Corporation}},
	url = {https://doi.org/10.1109/MTS.2015.2494358},
	journal = {IEEE Technology and Society Magazine},
	author = {Swan, M.},
	year = {2015}
}

@misc{tapscott_this_2017,
	title = {This is how block chain will change your life},
	url = {https://www.weforum.org/agenda/2016/06/this-is-how-blockchain-will-change-your-life/},
	author = {Tapscott, D},
	month = dec,
	year = {2017}
}

@book{tapscott_blockchain_2016,
	title = {Blockchain {Revolution}: {How} the {Technology} {Behind} {Bitcoin} {Is} {Changing} {Money}, {Business}, and the {World}},
	publisher = {Portfolio},
	author = {Tapscott, D and Tapscott, A},
	year = {2016}
}

@incollection{vanhaverbeke_classification_2014,
	title = {A classification of open innovation and open business models},
	booktitle = {New {Frontiers} in {Open} {Innovation}},
	author = {Vanhaverbeke, Wim and Chesbrough, Henry},
	editor = {Chesbrough, Henry and Vanhaverbeke, Wim and West, J},
	year = {2014},
	pages = {50--68}
}

@article{march_design_1995,
	title = {Design and natural science research on information technology},
	volume = {15},
	number = {4},
	journal = {Decision support systems},
	author = {March, Salvatore T. and Smith, Gerald F.},
	year = {1995},
	pages = {251--266},
	file = {March and Smith - 1995 - Design and natural science research on information.pdf:C\:\\Users\\riccardo.bonazzi\\Zotero\\storage\\V4B2EH58\\March and Smith - 1995 - Design and natural science research on information.pdf:application/pdf}
}

@article{hevner_design_2004,
	title = {Design {Science} in {Information} {Systems} {Research}},
	volume = {28},
	url = {http://aisel.aisnet.org/misq/vol28/iss1/6},
	number = {1},
	journal = {Management Information Systems Quarterly},
	author = {Hevner, Alan and March, Salvatore and Park, Jinsoo and Ram, Sudha},
	year = {2004},
	file = {Hevner et al. - 2004 - Design Science in Information Systems Research.pdf:C\:\\Users\\riccardo.bonazzi\\Zotero\\storage\\FYHPXQDZ\\Hevner et al. - 2004 - Design Science in Information Systems Research.pdf:application/pdf}
}

@inproceedings{venable_comprehensive_2012,
	title = {A comprehensive framework for evaluation in design science research},
	booktitle = {International {Conference} on {Design} {Science} {Research} in {Information} {Systems}},
	publisher = {Springer},
	author = {Venable, John R. and Pries-Heje, Jan and Baskerville, Richard},
	year = {2012},
	pages = {423--438},
	file = {Venable et al. - 2012 - A comprehensive framework for evaluation in design.pdf:C\:\\Users\\riccardo.bonazzi\\Zotero\\storage\\QM8BKDRF\\Venable et al. - 2012 - A comprehensive framework for evaluation in design.pdf:application/pdf}
}

@article{sun_cross-evaluation:_2006,
	title = {Cross-{Evaluation}: {A} new model for information system evaluation},
	volume = {57},
	shorttitle = {Cross-{Evaluation}},
	number = {5},
	journal = {Journal of the American Society for Information Science and Technology},
	author = {Sun, Ying and Kantor, Paul B.},
	year = {2006},
	pages = {614--628},
	file = {Sun and Kantor - 2006 - Cross-Evaluation A new model for information syst.pdf:C\:\\Users\\riccardo.bonazzi\\Zotero\\storage\\RACN2MAG\\Sun and Kantor - 2006 - Cross-Evaluation A new model for information syst.pdf:application/pdf}
}

@inproceedings{pries-heje_strategies_2008,
	title = {Strategies for {Design} {Science} {Research} {Evaluation}.},
	booktitle = {{ECIS}},
	author = {Pries-Heje, Jan and Baskerville, Richard and Venable, John R.},
	year = {2008},
	pages = {255--266},
	file = {Fulltext:C\:\\Users\\riccardo.bonazzi\\Zotero\\storage\\IYAR3GF7\\Pries-Heje et al. - 2008 - Strategies for Design Science Research Evaluation..pdf:application/pdf;Snapshot:C\:\\Users\\riccardo.bonazzi\\Zotero\\storage\\EZU2HJXN\\Pries-Heje et al. - 2008 - Strategies for Design Science Research Evaluation..pdf:application/pdf}
}

@article{r._core_team_r:_2013,
	title = {R: {A} language and environment for statistical computing},
	shorttitle = {R},
	author = {R. Core Team},
	year = {2013}
}

@article{r._core_team_r_2000,
	title = {R language definition},
	journal = {Vienna, Austria: R foundation for statistical computing},
	author = {R. Core Team},
	year = {2000}
}

@article{farmer_economy_2009,
	title = {The economy needs agent-based modelling},
	volume = {460},
	number = {7256},
	journal = {Nature},
	author = {Farmer, J. Doyne and Foley, Duncan},
	year = {2009},
	pages = {685},
	file = {Fulltext:C\:\\Users\\riccardo.bonazzi\\Zotero\\storage\\UHUGWABL\\Farmer and Foley - 2009 - The economy needs agent-based modelling.pdf:application/pdf;Snapshot:C\:\\Users\\riccardo.bonazzi\\Zotero\\storage\\5G6KZPP4\\460685a.html:text/html}
}

@incollection{chesbrough_explicating_2014,
	title = {Explicating {Open} {Innovation}: {Clarifying} an {Emerging} {Paradigm} for {Understanding} {Innovation}},
	booktitle = {New frontiers in open innovation},
	publisher = {Oup Oxford},
	author = {Chesbrough, Henry and Borgers, M.},
	collaborator = {Chesbrough, Henry and Vanhaverbeke, Wim and West, Joel},
	year = {2014},
	file = {Snapshot:C\:\\Users\\riccardo.bonazzi\\Zotero\\storage\\33G67MQS\\books.html:text/html}
}

@inproceedings{viscusi_open_2015,
	title = {Open innovation research and e-government: clarifying the connections between two fields},
	shorttitle = {Open innovation research and e-government},
	booktitle = {Proceedings of the {XII} {Conference} of the {Italian} {Chapter} of {AIS} ({itAIS}2015)},
	publisher = {Luiss University Press},
	author = {Viscusi, Gianluigi and Poulin, Diane and Tucci, Christopher},
	year = {2015}
}

@article{spagnoletti_exploring_2013,
	title = {Exploring foundations for using simulations in {IS} research},
	author = {Spagnoletti, Paolo and Za, Stefano and Winter, Robert},
	year = {2013},
	file = {Fulltext:C\:\\Users\\riccardo.bonazzi\\Zotero\\storage\\L36ZJ93P\\Spagnoletti et al. - 2013 - Exploring foundations for using simulations in IS .pdf:application/pdf;Snapshot:C\:\\Users\\riccardo.bonazzi\\Zotero\\storage\\DV6Y8GBQ\\10.html:text/html}
}

@article{tilson_research_2010,
	title = {Research commentary—{Digital} infrastructures: {The} missing {IS} research agenda},
	volume = {21},
	shorttitle = {Research commentary—{Digital} infrastructures},
	number = {4},
	journal = {Information systems research},
	author = {Tilson, David and Lyytinen, Kalle and Sørensen, Carsten},
	year = {2010},
	pages = {748--759},
	file = {Fulltext:C\:\\Users\\riccardo.bonazzi\\Zotero\\storage\\8PTNS2ST\\Tilson et al. - 2010 - Research commentary—Digital infrastructures The m.pdf:application/pdf;Snapshot:C\:\\Users\\riccardo.bonazzi\\Zotero\\storage\\MYFKTFYB\\isre.1100.html:text/html}
}

@article{yoo_tables_2013,
	title = {The tables have turned: {How} can the information systems field contribute to technology and innovation management research?},
	volume = {14},
	shorttitle = {The tables have turned},
	number = {5},
	journal = {Journal of the Association for Information Systems},
	author = {Yoo, Youngjin},
	year = {2013},
	pages = {227}
}

@article{afuah_crowdsourcing_2012,
	title = {Crowdsourcing as a solution to distant search},
	volume = {37},
	number = {3},
	journal = {Academy of Management Review},
	author = {Afuah, Allan and Tucci, Christopher L.},
	year = {2012},
	pages = {355--375},
	file = {Fulltext:C\:\\Users\\riccardo.bonazzi\\Zotero\\storage\\JFQEQR2I\\Afuah and Tucci - 2012 - Crowdsourcing as a solution to distant search.pdf:application/pdf;Snapshot:C\:\\Users\\riccardo.bonazzi\\Zotero\\storage\\SYDLMLAX\\amr.2010.html:text/html}
}

@book{tucci_creating_2018,
	title = {Creating and capturing value through crowdsourcing},
	publisher = {Oxford University Press},
	author = {Tucci, Christopher L. and Afuah, Allan and Viscusi, Gianluigi},
	year = {2018},
	file = {Snapshot:C\:\\Users\\riccardo.bonazzi\\Zotero\\storage\\ADEGTCKJ\\books.html:text/html}
}

@article{boudreau_using_2013,
	title = {Using the crowd as an innovation partner.},
	volume = {91},
	number = {4},
	journal = {Harvard business review},
	author = {Boudreau, Kevin J. and Lakhani, Karim R.},
	year = {2013},
	pages = {60--9},
	file = {Snapshot:C\:\\Users\\riccardo.bonazzi\\Zotero\\storage\\L9LEDIHK\\23593768.html:text/html}
}

@article{felin_firms_2017,
	title = {Firms, crowds, and innovation},
	volume = {15},
	number = {2},
	journal = {Strategic organization},
	author = {Felin, Teppo and Lakhani, Karim R. and Tushman, Michael L.},
	year = {2017},
	pages = {119--140},
	file = {Fulltext:C\:\\Users\\riccardo.bonazzi\\Zotero\\storage\\Y5YTL6PX\\Felin et al. - 2017 - Firms, crowds, and innovation.pdf:application/pdf;Snapshot:C\:\\Users\\riccardo.bonazzi\\Zotero\\storage\\Y9IQ2TZ6\\1476127017706610.html:text/html}
}

@book{malone_handbook_2015,
	title = {Handbook of collective intelligence},
	publisher = {MIT Press},
	author = {Malone, Thomas W. and Bernstein, Michael S.},
	year = {2015},
	file = {Snapshot:C\:\\Users\\riccardo.bonazzi\\Zotero\\storage\\KR8TT7R3\\books.html:text/html}
}

@article{riedl_teams_2017,
	title = {Teams vs. crowds: {A} field test of the relative contribution of incentives, member ability, and emergent collaboration to crowd-based problem solving performance},
	volume = {3},
	shorttitle = {Teams vs. crowds},
	number = {4},
	journal = {Academy of Management Discoveries},
	author = {Riedl, Christoph and Woolley, Anita Williams},
	year = {2017},
	pages = {382--403},
	file = {Fulltext:C\:\\Users\\riccardo.bonazzi\\Zotero\\storage\\MUSIBHBE\\Riedl and Woolley - 2017 - Teams vs. crowds A field test of the relative con.pdf:application/pdf;Snapshot:C\:\\Users\\riccardo.bonazzi\\Zotero\\storage\\LR3ERJQZ\\amd.2015.html:text/html}
}

@article{woolley_collective_2015,
	title = {Collective intelligence and group performance},
	volume = {24},
	number = {6},
	journal = {Current Directions in Psychological Science},
	author = {Woolley, Anita Williams and Aggarwal, Ishani and Malone, Thomas W.},
	year = {2015},
	pages = {420--424},
	file = {Fulltext:C\:\\Users\\riccardo.bonazzi\\Zotero\\storage\\WHMXKHRN\\Woolley et al. - 2015 - Collective intelligence and group performance.pdf:application/pdf;Snapshot:C\:\\Users\\riccardo.bonazzi\\Zotero\\storage\\L3P6FEXS\\0963721415599543.html:text/html}
}

@article{lakhani_open_2012,
	title = {Open innovation and organizational boundaries: the impact of task decomposition and knowledge distribution on the locus of innovation},
	shorttitle = {Open innovation and organizational boundaries},
	author = {Lakhani, Karim and Lifshitz-Assaf, Hila and Tushman, Michael},
	year = {2012},
	file = {Fulltext:C\:\\Users\\riccardo.bonazzi\\Zotero\\storage\\E8NTZ4RN\\Lakhani et al. - 2012 - Open innovation and organizational boundaries the.pdf:application/pdf;Snapshot:C\:\\Users\\riccardo.bonazzi\\Zotero\\storage\\ECD23BFR\\papers.html:text/html}
}

@article{bullinger_community-based_2010-1,
	title = {Community-based innovation contests: {Where} competition meets cooperation},
	volume = {19},
	shorttitle = {Community-based innovation contests},
	number = {3},
	journal = {Creativity and innovation management},
	author = {Bullinger, Angelika C. and Neyer, Anne-Katrin and Rass, Matthias and Moeslein, Kathrin M.},
	year = {2010},
	pages = {290--303},
	file = {Fulltext:C\:\\Users\\riccardo.bonazzi\\Zotero\\storage\\NMKM8IN6\\Bullinger et al. - 2010 - Community-based innovation contests Where competi.pdf:application/pdf;Snapshot:C\:\\Users\\riccardo.bonazzi\\Zotero\\storage\\LPNBCENS\\j.1467-8691.2010.00565.html:text/html}
}